@article{eshard,
  author = {Brian Hayes},
  title = {The Easiest Hard Problem},
  journal = {American Scientist},
  volume = {90},
  number = {2},
  pages = {113-117},
  year = {2002},
  publisher = {Sigma Xi, The Scientific Research Society},
  url = {http://bit-player.org/wp-content/extras/bph-publications/AmSci-2002-03-Hayes-NPP.pdf},
  note = {JSTOR 27857621},
  month = apr
}

@inproceedings{deng,
  title = {Approximating Knapsack and Partition via Dense Subset Sums},
  ISBN = {9781611977554},
  url = {http://dx.doi.org/10.1137/1.9781611977554.ch113},
  DOI = {10.1137/1.9781611977554.ch113},
  booktitle = {Proceedings of the 2023 Annual ACM-SIAM Symposium on Discrete Algorithms (SODA)},
  publisher = {Society for Industrial and Applied Mathematics},
  author = {Deng, Mingyang and Jin, Ce and Mao, Xiao},
  year = {2023},
  month = jan,
  pages = {2961--2979}
}

@inbook{mucha,
  title={A Subquadratic Approximation Scheme for Partition},
  ISBN={9781611975482},
  url={http://dx.doi.org/10.1137/1.9781611975482.5},
  DOI={10.1137/1.9781611975482.5},
  booktitle={Proceedings of the Thirtieth Annual ACM-SIAM Symposium on Discrete Algorithms},
  publisher={Society for Industrial and Applied Mathematics},
  author={Mucha, Marcin and Wegrzycki, Karol and Wlodarczyk, Michal},
  year={2019},
  month=jan, pages={70-88} 
}

@online{rust,
  author = {{Rust Project Developers}},
  title = {The Rust Programming Language},
  url = {https://www.rust-lang.org/},
  note = {Accessed: 2024-06-15}
}

@article{rust_cpp,
  title={Rust vs C++, a Battle of Speed and Efficiency},
  url={http://dx.doi.org/10.36227/techrxiv.22792553.v1},
  DOI={10.36227/techrxiv.22792553.v1},
  publisher={Institute of Electrical and Electronics Engineers (IEEE)},
  author={Ng, Vincent},
  year={2023},
  month=may 
}

@article{doi:10.1137/0117039,
    author = {Graham, R. L.},
    title = {Bounds on Multiprocessing Timing Anomalies},
    journal = {SIAM Journal on Applied Mathematics},
    volume = {17},
    number = {2},
    pages = {416-429},
    year = {1969},
    doi = {10.1137/0117039},
    URL = { https://doi.org/10.1137/0117039 },
    eprint = { https://doi.org/10.1137/0117039 }
}

@article{10.1112/plms/s1-28.1.486,
    author = {Mathews, G. B.},
    title = "{On the Partition of Numbers}",
    journal = {Proceedings of the London Mathematical Society},
    volume = {s1-28},
    number = {1},
    pages = {486-490},
    year = {1896},
    month = {11},
    issn = {0024-6115},
    doi = {10.1112/plms/s1-28.1.486},
    url = {https://doi.org/10.1112/plms/s1-28.1.486},
    eprint = {https://academic.oup.com/plms/article-pdf/s1-28/1/486/4323192/s1-28-1-486.pdf},
}

